
@article{tacher2015comparison,
  title={Comparison of existing response criteria in patients with
hepatocellular carcinoma treated with transarterial chemoembolization using
a 3D quantitative approach},
  author={Tacher, Vania and Lin, MingDe and Duran, Rafael and Yarmohammadi,
Hooman and Lee, Howard and Chapiro, Julius and Chao, Michael and Wang,
Zhijun and Frangakis, Constantine and Sohn, Jae Ho and others},
  journal={Radiology},
  volume={278},
  number={1},
  pages={275--284},
  year={2015},
  publisher={Radiological Society of North America}
}
